@article{POORMOHAMMAD2017,
title = {Precision of direction of arrival (DOA) estimation using novel three dimensional array geometries},
journal = {AEU - International Journal of Electronics and Communications},
volume = {75},
pages = {35-45},
year = {2017},
month = {May},
issn = {1434-8411},
doi = {https://doi.org/10.1016/j.aeue.2017.02.013},
author = {Sarah Poormohammad and Forouhar Farzaneh},
}

@ARTICLE{Ladaycia2017,  
author={Ladaycia, Abdelhamid and Mokraoui, Anissa and Abed-Meraim, Karim and Belouchrani, Adel},
journal={IEEE Transactions on Wireless Communications},
title={Performance Bounds Analysis for Semi-Blind Channel Estimation in MIMO-OFDM Communications Systems},
year={2017},
month = {Sept.},
volume={16},
number={9},
pages={5925-5938},
doi={10.1109/TWC.2017.2717406}}

@ARTICLE{Raghavan2017,  
author={Raghavan, Vasanthan and Partyka, Andrzej and Akhoondzadeh-Asl, Lida and Tassoudji, Mohammad Ali and Koymen, Ozge Hizir and Sanelli, John},  
journal={IEEE Transactions on Antennas and Propagation},   
title={Millimeter Wave Channel Measurements and Implications for PHY Layer Design},   
year={2017},  
month = {Dec.},
volume={65},  
number={12},  
pages={6521-6533},  
doi={10.1109/TAP.2017.2758198}
}

@INPROCEEDINGS{Rekik2021,  
author={Rekik, Ouahbi and Mokraoui, Anissa and Thuy Quynh, Tran Thi and Le, Trung-Thanh and Abed-Meraim, Karim},  
booktitle={2021 55th Asilomar Conference on Signals, Systems, and Computers},   
title={Side Information Effect on Semi-Blind Channel Identification for MIMO-OFDM Communications Systems},   
year={2021},  
volume={},  
number={},  
pages={443-448},  
doi={10.1109/IEEECONF53345.2021.9723265}}

@book{Kay1993,
author = {Kay, Steven M.},
title = {Fundamentals of Statistical Signal Processing: Estimation Theory},
year = {1993},
isbn = {0133457117},
publisher = {Prentice-Hall, Inc.},
address = {USA}
}

@ARTICLE{Ko2017,  
author={Ko, Junghoon and Cho, Yeon-Jea and Hur, Sooyoung and Kim, Taehwan and Park, Jeongho and Molisch, Andreas F. and Haneda, Katsuyuki and Peter, Michael and Park, Dong-Jo and Cho, Dong-Ho},  
journal={IEEE Transactions on Wireless Communications},   
title={Millimeter-Wave Channel Measurements and Analysis for Statistical Spatial Channel Model in In-Building and Urban Environments at 28 GHz},
year={2017},  
month = {Sept.},
volume={16},  
number={9},  
pages={5853-5868},  doi={10.1109/TWC.2017.2716924}}

@article{Ju2021,
author={Ju, Shihao and Xing, Yunchou and Kanhere, Ojas and Rappaport, Theodore S.},
journal={IEEE Journal on Selected Areas in Communications}, 
title={Millimeter Wave and Sub-Terahertz Spatial Statistical Channel Model for an Indoor Office Building}, 
year={2021},
month = {June},
volume={39},
number={6},
pages={1561-1575},
doi={10.1109/JSAC.2021.3071844}
}
 
 @ARTICLE{Tsai2018,  
 author={Tsai, Cheng-Rung and Liu, Yu-Hsin and Wu, An-Yeu}, 
 journal={IEEE Transactions on Signal Processing},   
 title={Efficient Compressive Channel Estimation for Millimeter-Wave Large-Scale Antenna Systems},   
 year={2018},  
 month = {May},
 volume={66},  
 number={9},  
 pages={2414-2428},  doi={10.1109/TSP.2018.2811742}}
 
 @ARTICLE{Garro2020,  
 author={Garro, E. and Fuentes, M. and Carcel, J. L. and Chen, H. and Mi, D. and Tesema, F. and Gimenez, J. J. and Gomez-Barquero, D.},  
 journal={IEEE Transactions on Broadcasting},
 title={5G Mixed Mode: NR Multicast-Broadcast Services},   
 year={2020},
 month = {June},
 volume={66},  
 number={2},  
 pages={390-403},  
 doi={10.1109/TBC.2020.2977538}}
 
 @ARTICLE{Menni2012,  
 author={Menni, Tarek and Chaumette, Eric and Larzabal, Pascal and Barbot, Jean Pierre},
 journal={IEEE Transactions on Signal Processing},   
 title={New Results on Deterministic Cramér–Rao Bounds for Real and Complex Parameters},   
 year={2012}, 
 month = {March},
 volume={60},  
 number={3},  
 pages={1032-1049},  
 doi={10.1109/TSP.2011.2177827}}
 
 @techreport{r15,
    type = {Standard},
    title={5G; Study on channel model for frequencies from 0.5 to 100 GHz},
    number = {3GPP TR 38.901 version 15.0.0 Release 15},
    institution = {ETSI},
    year = {2018},
    month = {July}
}

@INPROCEEDINGS{Gesbert1997,  
author={Gesbert, D. and Paulraj, A. and Duhamel, P.},  
booktitle={Proceedings of 40th Midwest Symposium on Circuits and Systems},   
title={Blind joint multiuser detection using second-order statistics and structure information}, 
month={Aug.},
year={1997},  
volume={2},  
number={},
address={Sacramento, CA, USA},
pages={1252-1255},  
}

@ARTICLE{Yu2015,  
author={Yu, Chengpu and Xie, Lihua},  
journal={IEEE Transactions on Signal Processing},
title={On Recursive Blind Equalization in Sensor Networks}, 
month={Feb.},
year={2015},  
volume={63},  
number={3},  
pages={662-672}
}

@INPROCEEDINGS{Veen2000,  
author={van der Veen, A.-J. and Trindade, A.},  booktitle={34th Asilomar Conference on Signals, Systems and Computers},   
title={Combining blind equalization with constant modulus properties},   
month={Oct.},
year={2000},
address={Pacific Grove, CA, USA},
volume={2},  
number={},  
pages={1568-1572}
}

@ARTICLE{original,  
author={Gesbert, D. and Duhamel, P. and Mayrargue, S.},  
journal={IEEE Transactions on Signal Processing},
title={On-line blind multichannel equalization based on mutually referenced filters},
month={Sept.},
year={1997},
volume={45},
number={9},
pages={2307-2317}
}

@ARTICLE{abed1997,  
author={Abed-Meraim, K. and Wanzhi Qiu and Yingbo Hua},  
journal={Proceedings of the IEEE},   
title={Blind system identification},   
month={Aug.},
year={1997},  
volume={85},  
number={8},  
pages={1310-1322}
}

@ARTICLE{George2017,  
author={George, Geordie and Mungara, Ratheesh K. and Lozano, Angel and Haenggi, Martin},  
journal={IEEE Transactions on Wireless Communications},   
title={Ergodic Spectral Efficiency in MIMO Cellular Networks},   
month={May},
year={2017},  
volume={16},  
number={5},  
pages={2835-2849}
}

@ARTICLE{Yang2015,  
author={Yang, Shaoshi and Hanzo, Lajos},  
journal={IEEE Communications Surveys \& Tutorials},   
title={Fifty Years of MIMO Detection: The Road to Large-Scale MIMOs},   
month={Sept.},
year={2015},  
volume={17},  
number={4},  
pages={1941-1988}
}

@article{Ladaycia2019,
author = {Ladaycia, Abdelhamid and Belouchrani, Adel and Abed-Meraim, Karim and Mokraoui, Anissa},
title = {Semi-blind MIMO-OFDM channel estimation using expectation maximisation like techniques},
journal = {IET Communications},
volume = {13},
number = {20},
pages = {3452-3462},
month={Dec.},
year = {2019}
}

@INPROCEEDINGS{GesbertSPAWC,  
author={Gesbert, D. and Duhamel, P.},  
booktitle={First IEEE Signal Processing Workshop on Signal Processing Advances in Wireless Communications},   
title={Unimodal blind adaptive channel equalization: an RLS implementation of the mutually referenced equalizers},   
month={Apr.},
year={1997},  
volume={},  
number={},  
pages={29-32},
address={Paris, France}
}

@book{bertsekas2014constrained,
  title={Constrained optimization and Lagrange multiplier methods},
  author={Bertsekas, Dimitri P},
  year={2014},
  publisher={Academic press}
}

@ARTICLE{Jiang2011,
  author={Jiang, Yi and Varanasi, Mahesh K. and Li, Jian},
  journal={IEEE Transactions on Information Theory}, 
  title={Performance Analysis of ZF and MMSE Equalizers for MIMO Systems: An In-Depth Study of the High SNR Regime}, 
  year={2011},
  volume={57},
  number={4},
  pages={2008-2026},
  month={Apr.}
}

@ARTICLE{Mtawa2019,
  author={Al Mtawa, Yaser and Haque, Anwar and Bitar, Bassel},
  journal={IEEE Access}, 
  title={The Mammoth Internet: Are We Ready?}, 
  year={2019},
  volume={7},
  number={},
  pages={132894-132908},
  month={Sept.}
}

@book{Tse2005,
    author = {Tse, David and Viswanath, Pramod},
    title = {Fundamentals of Wireless Communication},
    year = {2005},
    publisher = {Cambridge University Press},
    address = {USA}
}

@phdthesis{Michelusi2009,
    author = {Michelusi, Nicolò},
    year = {2009},
    month = {07},
    pages = {},
    school = {Technical University Of Denmark},
    title = {Semi-Blind Channel Estimation for LTE DownLink}
}

@article{shaik2021,
  title={A comprehensive survey 5G wireless communication systems: open issues, research challenges, channel estimation, multi carrier modulation and 5G applications},
  author={Shaik, Nilofer and Malik, Praveen Kumar},
  journal={Multimedia Tools and Applications},
  volume={80},
  number={19},
  pages={28789--28827},
  year={2021},
  publisher={Springer}
}

@ARTICLE{Liao2020,  author={Liao, Jieyu and Zhao, Junhui and Gao, Feifei and Li, Geoffrey Ye},  journal={IEEE Communications Letters},   title={A Model-Driven Deep Learning Method for Massive MIMO Detection},   year={2020},  volume={24},  number={8},  pages={1724-1728}}

@ARTICLE{Mandloi2017,  author={Mandloi, Manish and Bhatia, Vimal},  journal={IEEE Communications Letters},   title={Low-Complexity Near-Optimal Iterative Sequential Detection for Uplink Massive MIMO Systems},   year={2017},  volume={21},  number={3},  pages={568-571}}

@ARTICLE{Zhang2019,
  author={Zhang, Chaoyun and Patras, Paul and Haddadi, Hamed},
  journal={IEEE Communications Surveys \& Tutorials}, 
  title={Deep Learning in Mobile and Wireless Networking: A Survey}, 
  year={2019},
  volume={21},
  number={3},
  pages={2224-2287}
  }

@ARTICLE{Samuel2019,
  author={Samuel, Neev and Diskin, Tzvi and Wiesel, Ami},
  journal={IEEE Transactions on Signal Processing}, 
  title={Learning to Detect}, 
  year={2019},
  volume={67},
  number={10},
  pages={2554-2564},
  }

@misc{Samuel2017,
  author = {Samuel, Neev and Diskin, Tzvi and Wiesel, Ami},  
  title = {Deep MIMO Detection},
  publisher = {arXiv},
  year = {2017},
}

@book{ljung1999system,
  title={System Identification: Theory for the User},
  author={Ljung, L.},
  isbn={9780136566953},
  lccn={98018554},
  series={Prentice Hall information and system sciences series},
  year={1999},
  publisher={Prentice Hall PTR}
}

@inproceedings{rekik,
  TITLE = {{Side Information Effect on Semi-Blind Channel Identification for MIMO-OFDM Communications Systems}},
  AUTHOR = {Rekik, Ouahbi and Mokraoui, Anissa and Quynh, Tran Thi Thuy and Le, Thanh Trung and Abed-Meraim, Karim},
  BOOKTITLE = {{Asilomar}},
  ADDRESS = {Pacific grove, United States},
  YEAR = {2021},
  pages={443-448},
}

@article{vilas2022,
  title={Artificial intelligence for channel estimation in multicarrier systems for B5G/6G communications: a survey},
  author={Vilas Boas, Evandro C and de Figueiredo, Felipe AP and Mendes, Luciano L and de Souza, Rausley AA and others},
  journal={EURASIP Journal on Wireless Communications and Networking},
  volume={2022},
  number={1},
  pages={1--63},
  year={2022},
  publisher={SpringerOpen},
  month={Dec.}
}